<?xml version="1.0" encoding="UTF-8"?><record xmlns="http://www.loc.gov/MARC21/slim" xmlns:cinclude="http://apache.org/cocoon/include/1.0" xmlns:zs="http://www.loc.gov/zing/srw/">
  <leader>00763cz  a2200169n  4500</leader>
  <controlfield tag="001">no2010117655</controlfield>
  <controlfield tag="003">DLC</controlfield>
  <controlfield tag="005">20130327090312.0</controlfield>
  <controlfield tag="008">100721n| acannaabn          |a aaa     c</controlfield>
  <datafield tag="010" ind1=" " ind2=" ">
    <subfield code="a">no2010117655</subfield>
  </datafield>
  <datafield tag="035" ind1=" " ind2=" ">
    <subfield code="a">(OCoLC)oca08566486</subfield>
  </datafield>
  <datafield tag="040" ind1=" " ind2=" ">
    <subfield code="a">NcU</subfield>
    <subfield code="b">eng</subfield>
    <subfield code="c">NcU</subfield>
    <subfield code="d">DLC</subfield>
  </datafield>
  <datafield tag="100" ind1="1" ind2=" ">
    <subfield code="a">Balbín, Bohuslav,</subfield>
    <subfield code="d">1621-1688.</subfield>
    <subfield code="t">Correspondence.</subfield>
    <subfield code="k">Selections.</subfield>
    <subfield code="l">German &amp; Latin</subfield>
  </datafield>
  <datafield tag="400" ind1="1" ind2=" ">
    <subfield code="a">Balbín, Bohuslav,</subfield>
    <subfield code="d">1621-1688.</subfield>
    <subfield code="t">Briefwechsel zwischen Bohuslav Balbin und Christian Weise, 1678-1688</subfield>
  </datafield>
  <datafield tag="400" ind1="1" ind2=" ">
    <subfield code="w">nnea</subfield>
    <subfield code="a">Balbín, Bohuslav,</subfield>
    <subfield code="d">1621-1688.</subfield>
    <subfield code="t">Correspondence.</subfield>
    <subfield code="l">German &amp; Latin.</subfield>
    <subfield code="k">Selections</subfield>
  </datafield>
  <datafield tag="667" ind1=" " ind2=" ">
    <subfield code="a">THIS 1XX FIELD CANNOT BE USED UNDER RDA UNTIL THIS RECORD HAS BEEN REVIEWED AND/OR UPDATED</subfield>
  </datafield>
  <datafield tag="670" ind1=" " ind2=" ">
    <subfield code="a">Der Briefwechsel zwischen Bohuslav Balbin und Christian Weise, 1678-1688, 2010.</subfield>
  </datafield>
</record>